<?xml version="1.0" encoding="UTF-8"?><collection xmlns="http://www.loc.gov/MARC21/slim"><record><leader>00493nam--2200193-u-4500</leader><controlfield tag="001">000052707</controlfield><controlfield tag="002">20161230</controlfield><controlfield tag="005">20161230201050</controlfield><controlfield tag="008">101004s1000------------r-----000-0-rus-d</controlfield><datafield ind1=" " ind2=" " tag="040"><subfield code="a">IFIN-HH</subfield></datafield><datafield ind1=" " ind2=" " tag="041"><subfield code="a">rus</subfield></datafield><datafield ind1=" " ind2=" " tag="080"><subfield code="a">533.9</subfield></datafield><datafield ind1="1" ind2=" " tag="100"><subfield code="a">Kuzelev, M.V</subfield></datafield><datafield ind1="1" ind2="0" tag="245"><subfield code="a">Elektrodinamika plotnih elektronnih pucikob v plazme</subfield><subfield code="c">M.V. Kuzelev, A.A. Ruhadze</subfield></datafield><datafield ind1=" " ind2=" " tag="260"><subfield code="a">Moskva</subfield><subfield code="b">Nauka</subfield><subfield code="c">1990</subfield></datafield><datafield ind1=" " ind2=" " tag="300"><subfield code="a">324p</subfield></datafield><datafield ind1="1" ind2=" " tag="700"><subfield code="a">Ruhade, A.A</subfield></datafield><datafield ind1=" " ind2=" " tag="852"><subfield code="a">79587</subfield><subfield code="c">533.9</subfield></datafield><datafield ind1=" " ind2=" " tag="CAT"><subfield code="a">Sys</subfield><subfield code="c">20101004</subfield><subfield code="h">095156</subfield></datafield></record></collection>